@book {MR1659509,
    AUTHOR = {Bochnak, Jacek and Coste, Michel and Roy, Marie-Fran\c{c}oise},
     TITLE = {Real algebraic geometry},
    SERIES = {Ergebnisse der Mathematik und ihrer Grenzgebiete (3) [Results
              in Mathematics and Related Areas (3)]},
    VOLUME = {36},
      NOTE = {Translated from the 1987 French original,
              Revised by the authors},
 PUBLISHER = {Springer-Verlag, Berlin},
      YEAR = {1998},
     PAGES = {x+430},
      ISBN = {3-540-64663-9},
   MRCLASS = {14Pxx (11E25 32C05 58A07)},
  MRNUMBER = {1659509},
MRREVIEWER = {A. Tognoli},
       DOI = {10.1007/978-3-662-03718-8},
       URL = {https://doi.org/10.1007/978-3-662-03718-8},
}

@book {MR2830310,
    AUTHOR = {Sottile, Frank},
     TITLE = {Real solutions to equations from geometry},
    SERIES = {University Lecture Series},
    VOLUME = {57},
 PUBLISHER = {American Mathematical Society, Providence, RI},
      YEAR = {2011},
     PAGES = {x+200},
      ISBN = {978-0-8218-5331-3},
   MRCLASS = {14P05 (12D10 14M15 14N10 14P25)},
  MRNUMBER = {2830310},
MRREVIEWER = {Didier Henrion},
       DOI = {10.1090/ulect/057},
       URL = {https://doi.org/10.1090/ulect/057},
}